<record xmlns="http://www.loc.gov/MARC21/slim" xmlns:xsi="http://www.w3.org/2001/XMLSchema-instance" xsi:schemaLocation="http://www.loc.gov/MARC21/slim http://www.loc.gov/standards/marcxml/schema/MARC21slim.xsd"><leader>     nam a22        4500</leader><controlfield tag="001">3068352</controlfield><controlfield tag="003">NNC</controlfield><controlfield tag="006">m        d        </controlfield><controlfield tag="007">cr cn |||m|||a</controlfield><controlfield tag="008">150316s1934    ua      o     000 0 ara d</controlfield><datafield ind1=" " ind2=" " tag="040"><subfield code="a">NNU</subfield><subfield code="b">eng</subfield><subfield code="e">rda</subfield><subfield code="c">NNU</subfield></datafield><datafield ind1="0" ind2=" " tag="100"><subfield code="6">880-01</subfield><subfield code="a">Bashsha&#772;r ibn Burd,</subfield><subfield code="d">-783 or 784.</subfield></datafield><datafield ind1="1" ind2="3" tag="245"><subfield code="6">880-02</subfield><subfield code="a">al-Mukhta&#772;r min shi&#699;ir Bashsha&#772;r :</subfield><subfield code="b">ikhtiya&#772;r al-Kha&#772;lidi&#772;yayn, wasarhuhu&#772; li Abi&#772; al-T&#803;a&#772;hir Isma&#772;&#699;i&#772;l ibn Ah&#803;mad ibn Ziya&#772;dat-Alla&#772; al-Tuji&#772;bi&#772; al-Barqi&#772; /</subfield><subfield code="c">I&#699;tana&#772; binaskihi&#772; watash&#803;i&#772;h&#803;ihi&#772; wata&#699;lq&#772; al-fawa&#772;&#700;id &#699;alayhi watakri&#772;j abya&#772;tihi&#772; wawad&#803;&#699; faha&#772;risihi&#772; al-Sayyid Muh&#803;ammad Badr&#804;-al-Di&#772;n al-&#699;Alawi&#772;.</subfield></datafield><datafield ind1=" " ind2=" " tag="260"><subfield code="6">880-03</subfield><subfield code="a">[al-Qa&#772;hirah]  :</subfield><subfield code="b">Lajnat al-Ta&#700;li&#772;f wa-al-Tarjamah wa-al-Nashr,</subfield><subfield code="c">[1934]</subfield></datafield><datafield ind1=" " ind2=" " tag="300"><subfield code="a">online resource (14, 341, 14, 24, 8, 6 pages)</subfield></datafield><datafield ind1=" " ind2=" " tag="336"><subfield code="a">text</subfield><subfield code="2">rdacontent</subfield></datafield><datafield ind1=" " ind2=" " tag="337"><subfield code="a">computer</subfield><subfield code="2">rdamedia</subfield></datafield><datafield ind1=" " ind2=" " tag="338"><subfield code="a">online resource</subfield><subfield code="2">rdacarrier</subfield></datafield><datafield ind1=" " ind2=" " tag="500"><subfield code="a">Part of the Arabic Collections Online (ACO) project, contributed by Columbia University Libraries.</subfield></datafield><datafield ind1=" " ind2=" " tag="533"><subfield code="a">Electronic reproduction.</subfield><subfield code="b">New York, N.Y. :</subfield><subfield code="c">New York University,</subfield><subfield code="d">2015.</subfield><subfield code="5">NNU</subfield></datafield><datafield ind1="2" ind2=" " tag="710"><subfield code="a">Columbia University.</subfield><subfield code="b">Libraries.</subfield></datafield><datafield ind1="0" ind2=" " tag="730"><subfield code="a">Arabic Collections Online.</subfield></datafield><datafield ind1="0" ind2="8" tag="776"><subfield code="i">Print version:</subfield><subfield code="a">Bashsha&#772;r ibn Burd, -783 or 784.</subfield><subfield code="t">al-Mukhta&#772;r min shi&#699;ir Bashsha&#772;r</subfield><subfield code="w">(NNC)3068352</subfield><subfield code="w">(OCoLC)47807707</subfield></datafield><datafield ind1="4" ind2="0" tag="856"><subfield code="u">http://hdl.handle.net/2333.1/76hdrb26</subfield></datafield><datafield ind1="0" ind2=" " tag="880"><subfield code="6">100-01/r</subfield><subfield code="a">&#1576;&#1588;&#1575;&#1585; &#1576;&#1606; &#1576;&#1585;&#1583;&#1548;</subfield><subfield code="d">-783 or 784.</subfield></datafield><datafield ind1="1" ind2="2" tag="880"><subfield code="6">245-02/r</subfield><subfield code="a">&#1575;&#1604;&#1605;&#1582;&#1578;&#1575;&#1585; &#1605;&#1606; &#1588;&#1593;&#1585; &#1576;&#1588;&#1575;&#1585; :</subfield><subfield code="b">&#1575;&#1582;&#1578;&#1610;&#1575;&#1585; &#1575;&#1604;&#1582;&#1575;&#1604;&#1610;&#1610;&#1606;&#1548; &#1608;&#1587;&#1585;&#1607;&#1607;&#1608;&#1575; &#1604; &#1575;&#1576;&#1610; &#1575;&#1604;&#1591;&#1575;&#1607;&#1585; &#1575;&#1587;&#1605;&#1575;&#1593;&#1610;&#1604; &#1576;&#1606; &#1575;&#1581;&#1605;&#1583; &#1576;&#1606; &#1586;&#1610;&#1575;&#1583;&#1578;&#1604;&#1575; &#1575;&#1604;&#1578;&#1580;&#1610;&#1576;&#1610; &#1575;&#1604;&#1576;&#1585;&#1602;&#1610; /</subfield><subfield code="c">&#1575;&#1593;&#1578;&#1606;&#1575; &#1576;&#1606;&#1587;&#1603;&#1607;&#1610; &#1608;&#1578;&#1587;&#1581;&#1610;&#1581;&#1607;&#1610; &#1608;&#1578;&#1593;&#1604;&#1602; &#1575;&#1604;&#1601;&#1608;&#1575;&#1574;&#1583; &#1593;&#1604;&#1610;&#1607; &#1608;&#1578;&#1603;&#1585;&#1610;&#1580; &#1575;&#1576;&#1610;&#1575;&#1578;&#1607;&#1610; &#1608;&#1608;&#1590;&#1593; &#1601;&#1607;&#1575;&#1585;&#1587;&#1607;&#1610; &#1575;&#1604;&#1587;&#1610;&#1583; &#1605;&#1581;&#1605;&#1583; &#1576;&#1583;&#243;&#1585;&#1575;&#1604;&#1583;&#1610;&#1606; &#1575;&#1604;&#1593;&#1604;&#1608;&#1610;.</subfield></datafield><datafield ind1=" " ind2=" " tag="880"><subfield code="6">260-03/r</subfield><subfield code="a">[&#1575;&#1604;&#1602;&#1575;&#1607;&#1585;&#1577;]  :</subfield><subfield code="b">&#1604;&#1580;&#1606;&#1577; &#1575;&#1604;&#1578;&#1571;&#1604;&#1610;&#1601; &#1608;&#1575;&#1604;&#1578;&#1585;&#1580;&#1605;&#1577; &#1608;&#1575;&#1604;&#1606;&#1588;&#1585;&#1548;</subfield><subfield code="c">[1934]</subfield></datafield><datafield ind1=" " ind2=" " tag="959"><subfield code="a">NNU</subfield><subfield code="b">WEB</subfield><subfield code="c">GENI</subfield><subfield code="t">0</subfield><subfield code="m">Electronic access</subfield><subfield code="s">01</subfield></datafield><datafield ind1=" " ind2=" " tag="999"><subfield code="i">NNC_3068352</subfield><subfield code="o">(OCoLC)ocm47807707</subfield><subfield code="e">(ERROR-880)</subfield><subfield code="s">columbia_aco000337</subfield></datafield></record>